2195 2968
931 10 1166 78 ⁷77
1211 13 1214 14 f

323 122 499 188 Singula
525 107 633 185 quid
652 110 942 166 memorem?
982 130 1086 163 cum
1120 114 1282 163 dixero
1314 114 1453 165 millia
1488 120 1669 168 eentum
1690 152 1705 175 ,

386 192 528 239 Millia
559 189 656 255 plus
684 202 869 235 centum
899 184 997 233 sunt
1027 184 1263 233 reticenda
1292 185 1418 235 mihi.

321 260 575 326 Ingreditur
592 289 608 315 ,
644 259 778 306 tantis
810 256 1140 323 glormerantur
1172 259 1373 324 compita
1399 260 1586 314 turmis³

389 329 450 378 Et
478 329 633 396 populi
663 342 765 375 toto
789 324 976 374 flufflat
1006 325 1126 374 unda
1160 326 1275 374 foro.

319 398 498 459 Anverfi
522 396 795 464 applaudunt
813 424 827 451 5
846 412 968 443 nova
997 396 1075 443 lux
1092 395 1321 460 spe&atur
1337 399 1381 447 in
1397 399 1509 447 urbe
1532 417 1543 446 ε

387 469 592 518 Advenit
613 468 803 533 JosEPH
832 464 1034 529 undique
1066 465 1237 513 clamor
1259 467 1396 515 adest.

320 540 399 587 Tu
434 538 666 587 Columen
696 536 991 583 FRANCISCE
1020 552 1205 590 meum,
1242 553 1365 585 nova
1403 540 1548 604 gloria
1590 541 1770 605 gentis}

388 610 459 656 Sic
492 604 609 653 Urbi
632 607 718 653 toti
754 605 917 671 gaudia
947 621 1112 672 magna
1141 607 1273 671 paris.

322 677 502 727 Laetitia
532 676 723 730 exulto,
761 674 867 723 dum
898 691 1040 723 cerno
1064 677 1190 741 pacis
1227 691 1486 733 amantem3

391 747 529 794 Ferte
553 744 845 811 triumphales
878 745 936 793 ad
966 762 1072 793 mea
1094 760 1241 795 metra
1264 748 1406 795 tubas.

322 818 383 866 Sit
417 817 548 864 Deus
572 814 665 864 hoc
690 830 867 882 gratum
896 815 1073 880 Superis
1094 832 1109 870 3
1147 816 1486 883 augmentaq'ue
1518 818 1659 870 donet
1676 855 1690 877 ,

395 886 629 934 Munificus
661 887 815 933 tribuit
835 887 913 950 qui
934 886 1054 933 bona
1079 885 1245 934 cun<sta
1268 886 1414 936 Deus.

319 957 521 1019 Purpura
542 954 809 1003 San&orum
845 969 954 1002 tunc
983 955 1126 1021 gloria
1154 955 1320 1004 vestIet
1348 972 1467 1006 artus
1487 992 1503 1013 2

386 1024 448 1073 Et
483 1042 646 1092 corpus
678 1025 795 1072 rutili
835 1023 936 1071 solis
985 1024 1176 1072 adinstar
1209 1028 1310 1073 erit·

317 1096 469 1156 Major
498 1096 584 1142 eris
604 1127 619 1149 ,
654 1092 778 1142 fafflo
808 1096 964 1159 capies
993 1092 1100 1142 dum
1130 1095 1265 1160 digna
1294 1096 1454 1145 labore

335 1222 339 1229 ι
386 1164 605 1217 Praemia,
642 1180 743 1228 quae
773 1162 946 1211 sanetis
980 1163 1057 1211 dat
1090 1164 1223 1212 Deus
1256 1182 1373 1213 ecce
1406 1166 1504 1229 suis.

316 1235 387 1281 Sic
414 1250 570 1280 voveo
590 1265 604 1287 ‚
641 1232 872 1298 cupioq'ue
904 1234 968 1281 tui
1010 1235 1085 1298 pia
1118 1249 1228 1282 vota
1260 1236 1439 1283 clientis

381 1301 579 1366 Respice
598 1336 611 1358 ,
650 1320 749 1367 quae
773 1319 917 1367 parvo
951 1305 1151 1351 carmine
1185 1304 1306 1352 musa
1331 1305 1452 1353 facit.

314 1372 422 1419 Hoc
446 1373 528 1418 tibi
561 1371 815 1420 concordes
848 1371 1068 1437 Capzccz'm'
1099 1389 1161 1420 ex
1195 1373 1336 1421 corde
1367 1389 1612 1440 precantur
1626 1397 1638 1422 ε

381 1441 546 1506 Saepius
578 1458 640 1489 ex
664 1459 811 1507 parvo
848 1458 1039 1490 munere
1073 1459 1262 1509 magnus
1295 1461 1436 1491 amor.

710 1530 1386 1577 APPLAUSUS

376 1612 1715 1693 EMBLEMATICUS.

581 1732 1309 1783 EMBLEMA
1446 1738 1483 1785 I.

559 1824 818 1882 Exhibetur
848 1825 1004 1882 Pastor
1036 1834 1195 1883 ovium
1225 1852 1328 1884 cum
1360 1855 1520 1907 grege.

862 1931 972 1979 Pastor
995 1933 1034 1980 est
1062 1940 1184 1971 ovium.
1233 1939 1335 1983 Joan.
1360 1947 1432 1984 cap.
1458 1949 1514 1975 10.
1531 1939 1614 1988 vers.
1644 1953 1676 1976 2.

1091 1986 1248 2022 Lemma.
1297 1991 1451 2037 Invigilat
1477 1989 1594 2035 Pastor.

316 2065 393 2189 S
416 2063 627 2115 Ollicitus
661 2064 769 2114 dum
800 2065 953 2126 Pastor
982 2072 1094 2117 oves
1127 2065 1172 2116 in
1201 2069 1363 2135 pascua
1390 2072 1530 2121 ducit.

470 2135 691 2185 Adversus
716 2137 869 2202 vigilat
898 2151 1077 2203 tempus
1102 2140 1148 2186 in
1179 2152 1318 2187 omne
1348 2142 1477 2207 lupos
1513 2164 1526 2189 .-

313 2205 437 2254 Nam
462 2205 599 2254 homas
624 2220 672 2254 ut
700 2204 854 2265 Pastor
884 2208 1046 2273 vigiles
1077 2208 1333 2274 perducere
1365 2210 1529 2260 nocotes
1549 2245 1563 2267 ³

389 2275 408 2339 (
442 2273 517 2323 Ne
542 2276 672 2342 lupus
701 2275 886 2323 invadat
917 2275 935 2340 )
967 2276 1027 2325 fic
1062 2278 1328 2326 venerande
1355 2279 1485 2329 soles.

315 2343 412 2405 Qui
441 2343 578 2392 bonus
605 2345 670 2393 est
699 2344 883 2404 Pastor,
919 2348 1018 2412 pius
1038 2347 1103 2396 est
1122 2381 1136 2404 ‚
1171 2348 1373 2414 felixque
1398 2350 1660 2405 vocandus,

383 2413 662 2480 prosperitas
696 2416 884 2463 multum
915 2432 1019 2464 cum
1049 2420 1223 2483 pietate
1255 2420 1396 2467 valet.
1546 2475 1548 2477 v

315 2483 439 2531 Nam
470 2485 614 2533 bonus
644 2484 836 2533 Antistes
867 2486 1147 2536 commissum
1177 2488 1327 2537 servat
1352 2490 1476 2540 ovile
1495 2510 1513 2546 ‚-

382 2553 659 2620 Principium
688 2554 885 2603 vestrum
916 2556 1015 2604 finis
1034 2590 1048 2613 ‚
1085 2559 1136 2606 &
1169 2559 1243 2607 ille
1269 2559 1444 2626 scopus.

316 2614 485 2670 Pascua
514 2623 544 2671 fi
569 2624 711 2672 desmt
730 2657 744 2679 a
781 2627 947 2673 morbo
969 2626 1000 2673 fi
1032 2625 1149 2675 forte
1175 2629 1369 2677 laboret.

386 2689 520 2733 Grex
540 2723 554 2740 ,
589 2691 764 2740 Pastore
795 2694 874 2747 pio
905 2696 983 2748 qui
1007 2695 1293 2743 moderatur,
1328 2711 1452 2752 eget:

320 2754 573 2805 Declinare
603 2753 696 2818 lupi
724 2752 923 2805 rabiem,
959 2752 1226 2816 vultumque
1260 2755 1431 2811 leonis,

393 2825 457 2872 Et
486 2827 560 2889 pia
588 2821 779 2885 Pastoris
808 2820 1246 2938 sollicitudoAdocet.
1675 2833 1678 2836 ⁴

338 2927 340 2929 ·
1133 2905 1160 2954 3
1291 2931 1296 2937 ’
1700 2903 1775 2951 Tu
