<?xml version="1.0" encoding="UTF-8"?>
<!DOCTYPE html PUBLIC "-//W3C//DTD XHTML 1.0 Transitional//EN"
    "http://www.w3.org/TR/xhtml1/DTD/xhtml1-transitional.dtd">
<html xmlns="http://www.w3.org/1999/xhtml" xml:lang="en" lang="en">
 <head>
  <title>
</title>
<meta http-equiv="Content-Type" content="text/html;charset=utf-8" />
  <meta name='ocr-system' content='tesseract 3.04.00' />
  <meta name='ocr-capabilities' content='ocr_page ocr_carea ocr_par ocr_line ocrx_word'/>
</head>
<body>
  <div class='ocr_page' id='page_1' title='image "./illustrissimoacr00bout_0010.png"; bbox 0 0 2180 2703; ppageno 0'>
   <div class='ocr_carea' id='block_1_1' title="bbox 1054 113 1196 179">
    <p class='ocr_par' dir='ltr' id='par_1_1' title="bbox 1054 113 1196 179">
     <span class='ocr_line' id='line_1_1' title="bbox 1054 113 1196 179; baseline 0.014 -2"><span class='ocrx_word' id='word_1_1' title='bbox 1054 113 1196 179; x_wconf 81' lang='lat'><em>(⁶)</em></span> 
     </span>
    </p>
   </div>
   <div class='ocr_carea' id='block_1_2' title="bbox 245 182 1987 1148">
    <p class='ocr_par' dir='ltr' id='par_1_2' title="bbox 245 182 1979 345">
     <span class='ocr_line' id='line_1_2' title="bbox 249 182 1979 255; baseline 0.003 -19"><span class='ocrx_word' id='word_1_2' title='bbox 249 201 375 255; x_wconf 82' lang='lat' dir='ltr'><em>atque</em></span> <span class='ocrx_word' id='word_1_3' title='bbox 439 182 656 254; x_wconf 73' lang='lat' dir='ltr'><em>necessitate</em></span> <span class='ocrx_word' id='word_1_4' title='bbox 673 219 689 242; x_wconf 91' lang='lat'><em>,</em></span> <span class='ocrx_word' id='word_1_5' title='bbox 741 197 786 234; x_wconf 84' lang='lat' dir='ltr'><em>ut</em></span> <span class='ocrx_word' id='word_1_6' title='bbox 850 182 983 233; x_wconf 73' lang='lat' dir='ltr'><em>veritis</em></span> <span class='ocrx_word' id='word_1_7' title='bbox 1031 182 1163 230; x_wconf 86' lang='lat' dir='ltr'><em>dicam</em></span> <span class='ocrx_word' id='word_1_8' title='bbox 1196 216 1214 239; x_wconf 94' lang='lat'><em>,</em></span> <span class='ocrx_word' id='word_1_9' title='bbox 1275 198 1419 251; x_wconf 82' lang='lat' dir='ltr'><em>cogente</em></span> <span class='ocrx_word' id='word_1_10' title='bbox 1450 221 1469 244; x_wconf 89' lang='lat'>,</span> <span class='ocrx_word' id='word_1_11' title='bbox 1515 189 1674 240; x_wconf 70' lang='lat' dir='ltr'><em>electum</em></span> <span class='ocrx_word' id='word_1_12' title='bbox 1718 191 1830 240; x_wconf 87' lang='lat' dir='ltr'><em>nobis</em></span> <span class='ocrx_word' id='word_1_13' title='bbox 1886 211 1979 242; x_wconf 80' lang='lat' dir='ltr'><em>cou-</em></span> 
     </span>
     <span class='ocr_line' id='line_1_3' title="bbox 245 276 453 345; baseline 0.01 -21"><span class='ocrx_word' id='word_1_14' title='bbox 245 276 453 345; x_wconf 80' lang='lat' dir='ltr'><em>firmavit.</em></span> 
     </span>
    </p>

    <p class='ocr_par' dir='ltr' id='par_1_3' title="bbox 250 364 1987 1148">
     <span class='ocr_line' id='line_1_4' title="bbox 317 364 1979 436; baseline 0 -20"><span class='ocrx_word' id='word_1_15' title='bbox 317 374 376 416; x_wconf 91' lang='lat' dir='ltr'><em>Et</em></span> <span class='ocrx_word' id='word_1_16' title='bbox 434 366 576 433; x_wconf 81' lang='lat' dir='ltr'><em>quidni</em></span> <span class='ocrx_word' id='word_1_17' title='bbox 624 364 803 412; x_wconf 84' lang='lat' dir='ltr'><em>latemur</em></span> <span class='ocrx_word' id='word_1_18' title='bbox 838 377 852 414; x_wconf 66' lang='grc' dir='ltr'><strong><em>ἓ</em></strong></span> <span class='ocrx_word' id='word_1_19' title='bbox 903 368 1054 411; x_wconf 73' lang='lat' dir='ltr'><em>Wrum</em></span> <span class='ocrx_word' id='word_1_20' title='bbox 1117 367 1257 411; x_wconf 82' lang='lat' dir='ltr'><em>etenim</em></span> <span class='ocrx_word' id='word_1_21' title='bbox 1328 367 1441 413; x_wconf 71' lang='lat' dir='ltr'><em>nat‘li</em></span> <span class='ocrx_word' id='word_1_22' title='bbox 1488 367 1624 436; x_wconf 82' lang='lat' dir='ltr'><em>[umus</em></span> <span class='ocrx_word' id='word_1_23' title='bbox 1671 369 1850 419; x_wconf 87' lang='lat' dir='ltr'><em>omnibus</em></span> <span class='ocrx_word' id='word_1_24' title='bbox 1899 389 1979 420; x_wconf 75' lang='lat' dir='ltr'><em>na.</em></span> 
     </span>
     <span class='ocr_line' id='line_1_5' title="bbox 251 452 1980 526; baseline 0.001 -21"><span class='ocrx_word' id='word_1_25' title='bbox 251 470 354 505; x_wconf 85' lang='lat' dir='ltr'><em>turae</em></span> <span class='ocrx_word' id='word_1_26' title='bbox 370 490 388 512; x_wconf 89' lang='lat'><em>,</em></span> <span class='ocrx_word' id='word_1_27' title='bbox 428 463 653 523; x_wconf 75' lang='lat' dir='ltr'><em>gratiaque</em></span> <span class='ocrx_word' id='word_1_28' title='bbox 719 454 853 501; x_wconf 11' lang='lat' dir='ltr'><em>donis?</em></span> <span class='ocrx_word' id='word_1_29' title='bbox 881 452 1177 522; x_wconf 72' lang='lat' dir='ltr'><em>ornatissimum</em></span> <span class='ocrx_word' id='word_1_30' title='bbox 1193 490 1210 512; x_wconf 90' lang='lat'><em>,</em></span> <span class='ocrx_word' id='word_1_31' title='bbox 1284 461 1330 504; x_wconf 88' lang='lat' dir='ltr'><em>in</em></span> <span class='ocrx_word' id='word_1_32' title='bbox 1399 474 1477 524; x_wconf 84' lang='lat' dir='ltr'><em>quo</em></span> <span class='ocrx_word' id='word_1_33' title='bbox 1544 459 1689 508; x_wconf 85' lang='lat' dir='ltr'><em>Clerus</em></span> <span class='ocrx_word' id='word_1_34' title='bbox 1757 464 1980 526; x_wconf 80' lang='lat' dir='ltr'><em>exemplum</em></span> 
     </span>
     <span class='ocr_line' id='line_1_6' title="bbox 250 540 1987 611; baseline 0.001 -18"><span class='ocrx_word' id='word_1_35' title='bbox 250 544 366 611; x_wconf 86' lang='lat' dir='ltr'><em>officii</em></span> <span class='ocrx_word' id='word_1_36' title='bbox 408 540 669 606; x_wconf 81' lang='lat' dir='ltr'><em>sacerdotalis</em></span> <span class='ocrx_word' id='word_1_37' title='bbox 683 576 700 597; x_wconf 91' lang='lat'><em>,</em></span> <span class='ocrx_word' id='word_1_38' title='bbox 745 542 868 589; x_wconf 84' lang='lat' dir='ltr'><em>Cives</em></span> <span class='ocrx_word' id='word_1_39' title='bbox 904 543 1114 604; x_wconf 84' lang='lat' dir='ltr'><em>fautorem</em></span> <span class='ocrx_word' id='word_1_40' title='bbox 1171 561 1303 591; x_wconf 86' lang='lat' dir='ltr'><em>rerum</em></span> <span class='ocrx_word' id='word_1_41' title='bbox 1359 549 1577 592; x_wconf 85' lang='lat' dir='ltr'><em>civicarum</em></span> <span class='ocrx_word' id='word_1_42' title='bbox 1624 582 1641 604; x_wconf 92' lang='lat'><em>,</em></span> <span class='ocrx_word' id='word_1_43' title='bbox 1711 548 1853 595; x_wconf 84' lang='lat' dir='ltr'><em>divites</em></span> <span class='ocrx_word' id='word_1_44' title='bbox 1912 565 1987 595; x_wconf 55' lang='lat' dir='ltr'><em>exi</em></span> 
     </span>
     <span class='ocr_line' id='line_1_7' title="bbox 255 630 1981 702; baseline 0.001 -19"><span class='ocrx_word' id='word_1_45' title='bbox 255 635 408 700; x_wconf 84' lang='lat' dir='ltr'><em>emplar</em></span> <span class='ocrx_word' id='word_1_46' title='bbox 456 630 737 700; x_wconf 74' lang='lat' dir='ltr'><em>munificentia</em></span> <span class='ocrx_word' id='word_1_47' title='bbox 793 638 839 680; x_wconf 82' lang='lat' dir='ltr'><em>in</em></span> <span class='ocrx_word' id='word_1_48' title='bbox 903 644 1101 697; x_wconf 82' lang='lat' dir='ltr'><em>pauperes</em></span> <span class='ocrx_word' id='word_1_49' title='bbox 1115 667 1131 687; x_wconf 91' lang='lat'><em>,</em></span> <span class='ocrx_word' id='word_1_50' title='bbox 1177 645 1374 698; x_wconf 81' lang='lat' dir='ltr'><em>pauperes</em></span> <span class='ocrx_word' id='word_1_51' title='bbox 1415 640 1578 683; x_wconf 88' lang='lat' dir='ltr'><em>Patrem</em></span> <span class='ocrx_word' id='word_1_52' title='bbox 1639 637 1729 685; x_wconf 62' lang='lat' dir='ltr'><em>veri</em></span> <span class='ocrx_word' id='word_1_53' title='bbox 1776 636 1981 702; x_wconf 55' lang='lat' dir='ltr'><em>misericor-s</em></span> 
     </span>
     <span class='ocr_line' id='line_1_8' title="bbox 256 719 1982 795; baseline 0.007 -25"><span class='ocrx_word' id='word_1_54' title='bbox 256 726 339 770; x_wconf 74' lang='lat' dir='ltr'><em>dem</em></span> <span class='ocrx_word' id='word_1_55' title='bbox 372 760 388 780; x_wconf 86' lang='lat'><em>,</em></span> <span class='ocrx_word' id='word_1_56' title='bbox 443 726 572 788; x_wconf 84' lang='lat' dir='ltr'><em>miseri</em></span> <span class='ocrx_word' id='word_1_57' title='bbox 607 727 830 769; x_wconf 88' lang='lat' dir='ltr'><em>Patronum</em></span> <span class='ocrx_word' id='word_1_58' title='bbox 866 720 895 770; x_wconf 90' lang='lat' dir='ltr'>S</span> <span class='ocrx_word' id='word_1_59' title='bbox 917 721 967 769; x_wconf 91' lang='lat' dir='ltr'>U</span> <span class='ocrx_word' id='word_1_60' title='bbox 990 720 1032 770; x_wconf 90' lang='lat' dir='ltr'>A</span> <span class='ocrx_word' id='word_1_61' title='bbox 1053 719 1234 773; x_wconf 88' lang='lat' dir='ltr'><em>VEM</em></span> <span class='ocrx_word' id='word_1_62' title='bbox 1250 758 1266 778; x_wconf 90' lang='lat'><em>,</em></span> <span class='ocrx_word' id='word_1_63' title='bbox 1302 721 1491 790; x_wconf 83' lang='lat' dir='ltr'><em>Oppresſs</em></span> <span class='ocrx_word' id='word_1_64' title='bbox 1517 726 1774 795; x_wconf 87' lang='lat' dir='ltr'><em>Defensorem</em></span> <span class='ocrx_word' id='word_1_65' title='bbox 1809 730 1982 782; x_wconf 78' lang='lat' dir='ltr'><strong>FOR‘</strong></span> 
     </span>
     <span class='ocr_line' id='line_1_9' title="bbox 257 810 1978 875; baseline 0.006 -19"><span class='ocrx_word' id='word_1_66' title='bbox 257 812 477 873; x_wconf 78' lang='lat' dir='ltr'>TEM3</span> <span class='ocrx_word' id='word_1_67' title='bbox 547 810 1000 860; x_wconf 84' lang='lat' dir='ltr'>FORTITER</span> <span class='ocrx_word' id='word_1_68' title='bbox 1062 816 1168 862; x_wconf 75' lang='lat' dir='ltr'><em>enim</em></span> <span class='ocrx_word' id='word_1_69' title='bbox 1221 812 1289 862; x_wconf 62' lang='grc' dir='ltr'><em>ὠ*</em></span> <span class='ocrx_word' id='word_1_70' title='bbox 1341 811 1800 868; x_wconf 84' lang='lat' dir='ltr'>SUAVITER</span> <span class='ocrx_word' id='word_1_71' title='bbox 1871 824 1978 875; x_wconf 84' lang='lat' dir='ltr'><em>tuis,</em></span> 
     </span>
     <span class='ocr_line' id='line_1_10' title="bbox 254 898 1984 972; baseline 0.005 -24"><span class='ocrx_word' id='word_1_72' title='bbox 254 916 300 951; x_wconf 80' lang='lat' dir='ltr'><em>ut</em></span> <span class='ocrx_word' id='word_1_73' title='bbox 311 899 517 968; x_wconf 67' lang='lat' dir='ltr'><em>praefuisti</em></span> <span class='ocrx_word' id='word_1_74' title='bbox 553 900 692 956; x_wconf 87' lang='lat' dir='ltr'><em>alibi,</em></span> <span class='ocrx_word' id='word_1_75' title='bbox 718 900 783 950; x_wconf 64' lang='grc' dir='ltr'><em>ὠ·</em></span> <span class='ocrx_word' id='word_1_76' title='bbox 818 898 881 946; x_wconf 70' lang='lat' dir='ltr'><em>hic</em></span> <span class='ocrx_word' id='word_1_77' title='bbox 905 899 1182 964; x_wconf 81' lang='lat' dir='ltr'><em>praefuturum</em></span> <span class='ocrx_word' id='word_1_78' title='bbox 1232 914 1308 951; x_wconf 86' lang='lat' dir='ltr'><em>tua</em></span> <span class='ocrx_word' id='word_1_79' title='bbox 1370 915 1405 950; x_wconf 87' lang='lat' dir='ltr'><em>te</em></span> <span class='ocrx_word' id='word_1_80' title='bbox 1446 906 1651 970; x_wconf 81' lang='lat' dir='ltr'><em>gentilitia</em></span> <span class='ocrx_word' id='word_1_81' title='bbox 1685 907 1760 972; x_wconf 87' lang='lat' dir='ltr'><em>sat</em></span> <span class='ocrx_word' id='word_1_82' title='bbox 1803 907 1984 972; x_wconf 79' lang='lat' dir='ltr'><em>probant</em></span> 
     </span>
     <span class='ocr_line' id='line_1_11' title="bbox 255 989 1978 1057; baseline 0.001 -18"><span class='ocrx_word' id='word_1_83' title='bbox 255 996 412 1040; x_wconf 57' lang='lat' dir='ltr'><em>„scietas</em></span> <span class='ocrx_word' id='word_1_84' title='bbox 456 1009 586 1037; x_wconf 84' lang='lat' dir='ltr'><em>omnes</em></span> <span class='ocrx_word' id='word_1_85' title='bbox 635 991 798 1056; x_wconf 79' lang='lat' dir='ltr'><em>denique</em></span> <span class='ocrx_word' id='word_1_86' title='bbox 843 989 1034 1037; x_wconf 83' lang='lat' dir='ltr'><em>habemus</em></span> <span class='ocrx_word' id='word_1_87' title='bbox 1053 1025 1068 1046; x_wconf 95' lang='lat'><em>,</em></span> <span class='ocrx_word' id='word_1_88' title='bbox 1121 991 1227 1057; x_wconf 83' lang='lat' dir='ltr'><em>quod</em></span> <span class='ocrx_word' id='word_1_89' title='bbox 1265 992 1331 1041; x_wconf 60' lang='grc' dir='ltr'><em>ὠ·</em></span> <span class='ocrx_word' id='word_1_90' title='bbox 1368 1010 1592 1040; x_wconf 86' lang='lat' dir='ltr'><em>veneremur</em></span> <span class='ocrx_word' id='word_1_91' title='bbox 1636 996 1699 1043; x_wconf 62' lang='lat' dir='ltr'><em>d&gt;</em></span> <span class='ocrx_word' id='word_1_92' title='bbox 1756 1011 1935 1041; x_wconf 87' lang='lat' dir='ltr'><em>amemus</em></span> <span class='ocrx_word' id='word_1_93' title='bbox 1959 1028 1978 1050; x_wconf 92' lang='lat'><em>,</em></span> 
     </span>
     <span class='ocr_line' id='line_1_12' title="bbox 255 1080 1978 1148; baseline -0.001 -16"><span class='ocrx_word' id='word_1_94' title='bbox 255 1086 349 1132; x_wconf 87' lang='lat' dir='ltr'><em>dum</em></span> <span class='ocrx_word' id='word_1_95' title='bbox 380 1082 452 1146; x_wconf 86' lang='lat' dir='ltr'><em>[oli</em></span> <span class='ocrx_word' id='word_1_96' title='bbox 483 1080 650 1146; x_wconf 81' lang='lat' dir='ltr'><em>improbi</em></span> <span class='ocrx_word' id='word_1_97' title='bbox 679 1114 692 1135; x_wconf 85' lang='lat'>‚</span> <span class='ocrx_word' id='word_1_98' title='bbox 744 1095 946 1145; x_wconf 79' lang='lat' dir='ltr'><em>eorumque</em></span> <span class='ocrx_word' id='word_1_99' title='bbox 995 1099 1112 1128; x_wconf 84' lang='lat' dir='ltr'><em>mores</em></span> <span class='ocrx_word' id='word_1_100' title='bbox 1162 1094 1260 1129; x_wconf 88' lang='lat' dir='ltr'><em>ante</em></span> <span class='ocrx_word' id='word_1_101' title='bbox 1290 1083 1527 1148; x_wconf 64' lang='lat' dir='ltr'><em>conspeiium</em></span> <span class='ocrx_word' id='word_1_102' title='bbox 1584 1095 1697 1129; x_wconf 88' lang='lat' dir='ltr'><em>tuum</em></span> <span class='ocrx_word' id='word_1_103' title='bbox 1739 1081 1978 1147; x_wconf 85' lang='lat' dir='ltr'><em>erubescunt.</em></span> 
     </span>
    </p>
   </div>
   <div class='ocr_carea' id='block_1_3' title="bbox 255 1166 1984 1320">
    <p class='ocr_par' dir='ltr' id='par_1_4' title="bbox 255 1166 1984 1320">
     <span class='ocr_line' id='line_1_13' title="bbox 255 1166 1981 1237; baseline 0 -19"><span class='ocrx_word' id='word_1_104' title='bbox 255 1172 423 1219; x_wconf 81' lang='lat' dir='ltr'><em>Accedit</em></span> <span class='ocrx_word' id='word_1_105' title='bbox 471 1168 657 1235; x_wconf 82' lang='lat' dir='ltr'><em>modestia</em></span> <span class='ocrx_word' id='word_1_106' title='bbox 701 1169 780 1215; x_wconf 90' lang='lat' dir='ltr'><em>illa</em></span> <span class='ocrx_word' id='word_1_107' title='bbox 823 1166 986 1233; x_wconf 85' lang='lat' dir='ltr'><em>prorsus</em></span> <span class='ocrx_word' id='word_1_108' title='bbox 1023 1168 1245 1237; x_wconf 76' lang='lat' dir='ltr'><em>singularis</em></span> <span class='ocrx_word' id='word_1_109' title='bbox 1264 1205 1277 1226; x_wconf 92' lang='lat'>‚</span> <span class='ocrx_word' id='word_1_110' title='bbox 1327 1171 1417 1237; x_wconf 66' lang='lat' dir='ltr'><em>quc?</em></span> <span class='ocrx_word' id='word_1_111' title='bbox 1461 1170 1680 1233; x_wconf 74' lang='lat' dir='ltr'><em>benefacere</em></span> <span class='ocrx_word' id='word_1_112' title='bbox 1724 1183 1928 1218; x_wconf 83' lang='lat' dir='ltr'><em>contentus</em></span> <span class='ocrx_word' id='word_1_113' title='bbox 1962 1207 1981 1228; x_wconf 89' lang='lat'><em>‚</em></span> 
     </span>
     <span class='ocr_line' id='line_1_14' title="bbox 258 1252 1984 1320; baseline 0.001 -17"><span class='ocrx_word' id='word_1_114' title='bbox 258 1272 379 1303; x_wconf 89' lang='lat' dir='ltr'><em>amas</em></span> <span class='ocrx_word' id='word_1_115' title='bbox 421 1253 554 1319; x_wconf 78' lang='lat' dir='ltr'><em>nesciri</em></span> <span class='ocrx_word' id='word_1_116' title='bbox 605 1265 681 1300; x_wconf 86' lang='lat' dir='ltr'><em>tua</em></span> <span class='ocrx_word' id='word_1_117' title='bbox 722 1252 948 1320; x_wconf 79' lang='lat' dir='ltr'><em>beneficia:</em></span> <span class='ocrx_word' id='word_1_118' title='bbox 983 1255 1051 1303; x_wconf 62' lang='grc' dir='ltr'><em>ὠ·</em></span> <span class='ocrx_word' id='word_1_119' title='bbox 1094 1267 1231 1302; x_wconf 82' lang='lat' dir='ltr'><em>tamen</em></span> <span class='ocrx_word' id='word_1_120' title='bbox 1260 1255 1342 1301; x_wconf 82' lang='lat' dir='ltr'><em>hac</em></span> <span class='ocrx_word' id='word_1_121' title='bbox 1373 1255 1464 1319; x_wconf 89' lang='lat' dir='ltr'><em>ipsa</em></span> <span class='ocrx_word' id='word_1_122' title='bbox 1498 1259 1610 1318; x_wconf 81' lang='lat' dir='ltr'><em>rapit</em></span> <span class='ocrx_word' id='word_1_123' title='bbox 1651 1266 1860 1311; x_wconf 81' lang='lat' dir='ltr'><em>externos,</em></span> <span class='ocrx_word' id='word_1_124' title='bbox 1908 1272 1984 1304; x_wconf 82' lang='lat' dir='ltr'><em>ra-</em></span> 
     </span>
    </p>
   </div>
   <div class='ocr_carea' id='block_1_4' title="bbox 255 1334 1992 2387">
    <p class='ocr_par' dir='ltr' id='par_1_5' title="bbox 255 1334 1992 1953">
     <span class='ocr_line' id='line_1_15' title="bbox 256 1334 1986 1410; baseline -0.001 -20"><span class='ocrx_word' id='word_1_125' title='bbox 256 1350 322 1409; x_wconf 91' lang='lat' dir='ltr'><em>pit</em></span> <span class='ocrx_word' id='word_1_126' title='bbox 370 1345 582 1410; x_wconf 76' lang='lat' dir='ltr'><em>inquilinos</em></span> <span class='ocrx_word' id='word_1_127' title='bbox 599 1378 611 1398; x_wconf 86' lang='lat'>‚</span> <span class='ocrx_word' id='word_1_128' title='bbox 662 1346 776 1406; x_wconf 81' lang='lat' dir='ltr'><em>rapit</em></span> <span class='ocrx_word' id='word_1_129' title='bbox 820 1346 946 1388; x_wconf 87' lang='lat' dir='ltr'><em>etiam</em></span> <span class='ocrx_word' id='word_1_130' title='bbox 999 1342 1086 1389; x_wconf 87' lang='lat' dir='ltr'><em>illos</em></span> <span class='ocrx_word' id='word_1_131' title='bbox 1102 1376 1115 1398; x_wconf 92' lang='lat'>‚</span> <span class='ocrx_word' id='word_1_132' title='bbox 1156 1334 1335 1410; x_wconf 63' lang='lat' dir='ltr'><em>qutbmipse</em></span> <span class='ocrx_word' id='word_1_133' title='bbox 1387 1361 1421 1389; x_wconf 85' lang='lat' dir='ltr'><em>es</em></span> <span class='ocrx_word' id='word_1_134' title='bbox 1465 1348 1626 1409; x_wconf 67' lang='lat' dir='ltr'><em>ignotus.</em></span> <span class='ocrx_word' id='word_1_135' title='bbox 1699 1347 1887 1388; x_wconf 80' lang='lat' dir='ltr'><em>vtinam</em></span> <span class='ocrx_word' id='word_1_136' title='bbox 1940 1346 1986 1394; x_wconf 71' lang='lat' dir='ltr'><em>in</em></span> 
     </span>
     <span class='ocr_line' id='line_1_16' title="bbox 257 1431 1988 1498; baseline -0.002 -19"><span class='ocrx_word' id='word_1_137' title='bbox 257 1445 419 1498; x_wconf 87' lang='lat' dir='ltr'><em>partem</em></span> <span class='ocrx_word' id='word_1_138' title='bbox 471 1432 748 1480; x_wconf 77' lang='lat' dir='ltr'><em>benevolentia</em></span> <span class='ocrx_word' id='word_1_139' title='bbox 796 1443 880 1478; x_wconf 83' lang='lat' dir='ltr'><em>tuae</em></span> <span class='ocrx_word' id='word_1_140' title='bbox 898 1467 913 1487; x_wconf 91' lang='lat'><em>,</em></span> <span class='ocrx_word' id='word_1_141' title='bbox 948 1431 1036 1497; x_wconf 66' lang='lat' dir='ltr'><em>qua*</em></span> <span class='ocrx_word' id='word_1_142' title='bbox 1077 1431 1178 1478; x_wconf 68' lang='lat' dir='ltr'><em>adeo=</em></span> <span class='ocrx_word' id='word_1_143' title='bbox 1212 1431 1373 1498; x_wconf 72' lang='lat' dir='ltr'><em>mirifici</em></span> <span class='ocrx_word' id='word_1_144' title='bbox 1416 1437 1461 1478; x_wconf 87' lang='lat' dir='ltr'><em>in</em></span> <span class='ocrx_word' id='word_1_145' title='bbox 1502 1437 1681 1478; x_wconf 86' lang='lat' dir='ltr'><em>omnium</em></span> <span class='ocrx_word' id='word_1_146' title='bbox 1722 1436 1880 1477; x_wconf 87' lang='lat' dir='ltr'><em>animos</em></span> <span class='ocrx_word' id='word_1_147' title='bbox 1926 1434 1988 1477; x_wconf 86' lang='lat' dir='ltr'><em>in-</em></span> 
     </span>
     <span class='ocr_line' id='line_1_17' title="bbox 255 1518 1988 1593; baseline -0.003 -22"><span class='ocrx_word' id='word_1_148' title='bbox 255 1525 356 1593; x_wconf 85' lang='lat' dir='ltr'><em>fluis</em></span> <span class='ocrx_word' id='word_1_149' title='bbox 372 1557 388 1578; x_wconf 93' lang='lat'><em>,</em></span> <span class='ocrx_word' id='word_1_150' title='bbox 435 1539 634 1589; x_wconf 72' lang='lat' dir='ltr'><em>quamque</em></span> <span class='ocrx_word' id='word_1_151' title='bbox 683 1520 772 1568; x_wconf 88' lang='lat' dir='ltr'><em>Tibi</em></span> <span class='ocrx_word' id='word_1_152' title='bbox 804 1525 1001 1567; x_wconf 83' lang='lat' dir='ltr'><em>innatam</em></span> <span class='ocrx_word' id='word_1_153' title='bbox 1068 1520 1212 1587; x_wconf 81' lang='lat' dir='ltr'><em>ubique</em></span> <span class='ocrx_word' id='word_1_154' title='bbox 1268 1522 1409 1587; x_wconf 70' lang='lat' dir='ltr'><em>exseris</em></span> <span class='ocrx_word' id='word_1_155' title='bbox 1426 1557 1442 1577; x_wconf 85' lang='lat'><em>‚</em></span> <span class='ocrx_word' id='word_1_156' title='bbox 1500 1525 1590 1568; x_wconf 85' lang='lat' dir='ltr'><em>Nos</em></span> <span class='ocrx_word' id='word_1_157' title='bbox 1638 1536 1789 1591; x_wconf 72' lang='lat' dir='ltr'><em>quoque</em></span> <span class='ocrx_word' id='word_1_158' title='bbox 1831 1518 1988 1566; x_wconf 61' lang='lat' dir='ltr'><em>trahere¹</em></span> 
     </span>
     <span class='ocr_line' id='line_1_18' title="bbox 262 1607 1985 1679; baseline -0.005 -18"><span class='ocrx_word' id='word_1_159' title='bbox 262 1631 344 1661; x_wconf 83' lang='lat' dir='ltr'><em>non</em></span> <span class='ocrx_word' id='word_1_160' title='bbox 395 1614 636 1678; x_wconf 73' lang='lat' dir='ltr'><em>dedigneris:</em></span> <span class='ocrx_word' id='word_1_161' title='bbox 672 1612 791 1659; x_wconf 87' lang='lat' dir='ltr'><em>illam</em></span> <span class='ocrx_word' id='word_1_162' title='bbox 837 1612 990 1679; x_wconf 77' lang='lat' dir='ltr'><em>quidem</em></span> <span class='ocrx_word' id='word_1_163' title='bbox 1024 1611 1101 1659; x_wconf 84' lang='lat' dir='ltr'><em>hac</em></span> <span class='ocrx_word' id='word_1_164' title='bbox 1145 1612 1297 1659; x_wconf 86' lang='lat' dir='ltr'><em>rudiore</em></span> <span class='ocrx_word' id='word_1_165' title='bbox 1338 1607 1459 1675; x_wconf 64' lang='lat' dir='ltr'><em>muse?</em></span> <span class='ocrx_word' id='word_1_166' title='bbox 1496 1628 1688 1662; x_wconf 80' lang='lat' dir='ltr'><em>conamur</em></span> <span class='ocrx_word' id='word_1_167' title='bbox 1747 1611 1950 1672; x_wconf 81' lang='lat' dir='ltr'><em>aucupari</em></span> <span class='ocrx_word' id='word_1_168' title='bbox 1967 1621 1985 1654; x_wconf 72' lang='lat'><em>3</em></span> 
     </span>
     <span class='ocr_line' id='line_1_19' title="bbox 257 1698 1984 1771; baseline -0.003 -21"><span class='ocrx_word' id='word_1_169' title='bbox 257 1701 329 1771; x_wconf 70' lang='lat' dir='ltr'><em>fied</em></span> <span class='ocrx_word' id='word_1_170' title='bbox 362 1702 495 1750; x_wconf 81' lang='lat' dir='ltr'><em>mimis</em></span> <span class='ocrx_word' id='word_1_171' title='bbox 555 1702 727 1748; x_wconf 82' lang='lat' dir='ltr'><em>litterati</em></span> <span class='ocrx_word' id='word_1_172' title='bbox 760 1701 931 1766; x_wconf 87' lang='lat' dir='ltr'><em>sumus,</em></span> <span class='ocrx_word' id='word_1_173' title='bbox 995 1713 1042 1747; x_wconf 87' lang='lat' dir='ltr'><em>ut</em></span> <span class='ocrx_word' id='word_1_174' title='bbox 1074 1704 1179 1749; x_wconf 86' lang='lat' dir='ltr'><em>Viro</em></span> <span class='ocrx_word' id='word_1_175' title='bbox 1232 1698 1513 1766; x_wconf 80' lang='lat' dir='ltr'><em>litteratissimo</em></span> <span class='ocrx_word' id='word_1_176' title='bbox 1533 1734 1546 1756; x_wconf 88' lang='lat'>‚</span> <span class='ocrx_word' id='word_1_177' title='bbox 1579 1703 1689 1762; x_wconf 85' lang='lat' dir='ltr'><em>cujus</em></span> <span class='ocrx_word' id='word_1_178' title='bbox 1742 1703 1984 1746; x_wconf 86' lang='lat' dir='ltr'><em>acerrimam</em></span> 
     </span>
     <span class='ocr_line' id='line_1_20' title="bbox 264 1785 1989 1861; baseline -0.003 -21"><span class='ocrx_word' id='word_1_179' title='bbox 264 1799 413 1861; x_wconf 78' lang='lat' dir='ltr'><em>ingenii</em></span> <span class='ocrx_word' id='word_1_180' title='bbox 458 1794 671 1858; x_wconf 73' lang='lat' dir='ltr'><em>judiciique</em></span> <span class='ocrx_word' id='word_1_181' title='bbox 705 1794 793 1837; x_wconf 81' lang='lat' dir='ltr'><em>vim</em></span> <span class='ocrx_word' id='word_1_182' title='bbox 833 1789 938 1837; x_wconf 86' lang='lat' dir='ltr'><em>nihil</em></span> <span class='ocrx_word' id='word_1_183' title='bbox 963 1790 1082 1853; x_wconf 82' lang='lat' dir='ltr'><em>fallit</em></span> <span class='ocrx_word' id='word_1_184' title='bbox 1098 1825 1110 1846; x_wconf 88' lang='lat'><strong>,</strong></span> <span class='ocrx_word' id='word_1_185' title='bbox 1146 1789 1250 1836; x_wconf 80' lang='lat' dir='ltr'><em>nihil</em></span> <span class='ocrx_word' id='word_1_186' title='bbox 1272 1788 1511 1855; x_wconf 84' lang='lat' dir='ltr'><em>subterfugit</em></span> <span class='ocrx_word' id='word_1_187' title='bbox 1528 1824 1543 1845; x_wconf 88' lang='lat'>,</span> <span class='ocrx_word' id='word_1_188' title='bbox 1581 1791 1745 1854; x_wconf 87' lang='lat' dir='ltr'><em>placeat</em></span> <span class='ocrx_word' id='word_1_189' title='bbox 1771 1788 1831 1836; x_wconf 86' lang='lat' dir='ltr'><em>bic</em></span> <span class='ocrx_word' id='word_1_190' title='bbox 1864 1785 1989 1853; x_wconf 86' lang='lat' dir='ltr'><em>noster</em></span> 
     </span>
     <span class='ocr_line' id='line_1_21' title="bbox 267 1874 1992 1953; baseline -0.005 -18"><span class='ocrx_word' id='word_1_191' title='bbox 267 1901 460 1944; x_wconf 85' lang='lat' dir='ltr'><em>conatus,</em></span> <span class='ocrx_word' id='word_1_192' title='bbox 503 1892 573 1953; x_wconf 73' lang='lat' dir='ltr'><em>qui</em></span> <span class='ocrx_word' id='word_1_193' title='bbox 604 1891 708 1934; x_wconf 82' lang='lat' dir='ltr'><em>inter</em></span> <span class='ocrx_word' id='word_1_194' title='bbox 740 1901 956 1933; x_wconf 83' lang='lat' dir='ltr'><em>communes</em></span> <span class='ocrx_word' id='word_1_195' title='bbox 997 1882 1302 1951; x_wconf 79' lang='lat' dir='ltr'><em>gratulantium</em></span> <span class='ocrx_word' id='word_1_196' title='bbox 1352 1879 1576 1946; x_wconf 80' lang='lat' dir='ltr'><em>applausus</em></span> <span class='ocrx_word' id='word_1_197' title='bbox 1607 1881 1752 1930; x_wconf 84' lang='lat' dir='ltr'><em>accedit</em></span> <span class='ocrx_word' id='word_1_198' title='bbox 1785 1874 1992 1943; x_wconf 76' lang='lat' dir='ltr'><em>demisfior·&#39;</em></span> 
     </span>
    </p>

    <p class='ocr_par' dir='ltr' id='par_1_6' title="bbox 266 1959 1989 2387">
     <span class='ocr_line' id='line_1_22' title="bbox 337 1959 1986 2035; baseline -0.008 -19"><span class='ocrx_word' id='word_1_199' title='bbox 337 1975 434 2016; x_wconf 86' lang='lat' dir='ltr'><em>Erit</em></span> <span class='ocrx_word' id='word_1_200' title='bbox 463 1975 584 2035; x_wconf 72' lang='lat' dir='ltr'><em>igitur</em></span> <span class='ocrx_word' id='word_1_201' title='bbox 642 1974 934 2016; x_wconf 85' lang='lat' dir='ltr'><em>Humanitatis</em></span> <span class='ocrx_word' id='word_1_202' title='bbox 991 1980 1075 2013; x_wconf 87' lang='lat' dir='ltr'><em>tuae</em></span> <span class='ocrx_word' id='word_1_203' title='bbox 1119 1965 1186 2011; x_wconf 85' lang='lat' dir='ltr'><em>hoc</em></span> <span class='ocrx_word' id='word_1_204' title='bbox 1228 1965 1509 2031; x_wconf 78' lang='lat' dir='ltr'><em>qualecumque</em></span> <span class='ocrx_word' id='word_1_205' title='bbox 1568 1959 1837 2028; x_wconf 80' lang='lat' dir='ltr'><em>observantia·</em></span> <span class='ocrx_word' id='word_1_206' title='bbox 1894 1971 1986 2023; x_wconf 83' lang='lat' dir='ltr'><em>erga</em></span> 
     </span>
     <span class='ocr_line' id='line_1_23' title="bbox 266 2049 1988 2124; baseline -0.009 -19"><span class='ocrx_word' id='word_1_207' title='bbox 266 2060 318 2105; x_wconf 76' lang='lat' dir='ltr'><em>Te</em></span> <span class='ocrx_word' id='word_1_208' title='bbox 353 2056 497 2124; x_wconf 79' lang='lat' dir='ltr'><em>nostrae</em></span> <span class='ocrx_word' id='word_1_209' title='bbox 545 2070 834 2107; x_wconf 75' lang='lat' dir='ltr'><em>monumentum</em></span> <span class='ocrx_word' id='word_1_210' title='bbox 878 2054 1058 2105; x_wconf 64' lang='lat' dir='ltr'><em>benevole&gt;</em></span> <span class='ocrx_word' id='word_1_211' title='bbox 1102 2061 1274 2120; x_wconf 86' lang='lat' dir='ltr'><em>accipere</em></span> <span class='ocrx_word' id='word_1_212' title='bbox 1294 2089 1307 2110; x_wconf 91' lang='lat'>‚</span> <span class='ocrx_word' id='word_1_213' title='bbox 1357 2054 1424 2103; x_wconf 66' lang='grc' dir='ltr'><em>ὠ·</em></span> <span class='ocrx_word' id='word_1_214' title='bbox 1471 2058 1542 2120; x_wconf 82' lang='lat' dir='ltr'><em>qui</em></span> <span class='ocrx_word' id='word_1_215' title='bbox 1590 2063 1678 2098; x_wconf 88' lang='lat' dir='ltr'><em>tam</em></span> <span class='ocrx_word' id='word_1_216' title='bbox 1692 2049 1859 2112; x_wconf 82' lang='lat' dir='ltr'><em>facilem</em></span> <span class='ocrx_word' id='word_1_217' title='bbox 1905 2063 1988 2092; x_wconf 80' lang='lat' dir='ltr'><em>om-</em></span> 
     </span>
     <span class='ocr_line' id='line_1_24' title="bbox 271 2130 1986 2211; baseline -0.008 -19"><span class='ocrx_word' id='word_1_218' title='bbox 271 2145 390 2194; x_wconf 86' lang='lat' dir='ltr'><em>nibus</em></span> <span class='ocrx_word' id='word_1_219' title='bbox 437 2145 497 2192; x_wconf 86' lang='lat' dir='ltr'><em>ad</em></span> <span class='ocrx_word' id='word_1_220' title='bbox 543 2149 592 2191; x_wconf 86' lang='lat' dir='ltr'><em>Te</em></span> <span class='ocrx_word' id='word_1_221' title='bbox 639 2142 825 2211; x_wconf 83' lang='lat' dir='ltr'><em>acceſjum</em></span> <span class='ocrx_word' id='word_1_222' title='bbox 883 2144 1067 2209; x_wconf 58' lang='lat' dir='ltr'><em>prabet,</em></span> <span class='ocrx_word' id='word_1_223' title='bbox 1109 2147 1198 2194; x_wconf 74' lang='lat' dir='ltr'><em>ursis</em></span> <span class='ocrx_word' id='word_1_224' title='bbox 1258 2141 1396 2207; x_wconf 70' lang='lat' dir='ltr'><em>nostris</em></span> <span class='ocrx_word' id='word_1_225' title='bbox 1444 2137 1561 2208; x_wconf 83' lang='lat' dir='ltr'><em>mufis</em></span> <span class='ocrx_word' id='word_1_226' title='bbox 1609 2138 1769 2185; x_wconf 86' lang='lat' dir='ltr'><em>aditum</em></span> <span class='ocrx_word' id='word_1_227' title='bbox 1822 2130 1986 2184; x_wconf 57' lang='lat' dir='ltr'><em>minimi</em></span> 
     </span>
     <span class='ocr_line' id='line_1_25' title="bbox 267 2221 1989 2299; baseline -0.009 -16"><span class='ocrx_word' id='word_1_228' title='bbox 267 2237 515 2299; x_wconf 68' lang='lat' dir='ltr'><em>Praeludere.</em></span> <span class='ocrx_word' id='word_1_229' title='bbox 569 2241 697 2282; x_wconf 84' lang='lat' dir='ltr'><em>Faxit</em></span> <span class='ocrx_word' id='word_1_230' title='bbox 757 2241 913 2284; x_wconf 84' lang='lat' dir='ltr'><em>interim</em></span> <span class='ocrx_word' id='word_1_231' title='bbox 970 2241 1081 2282; x_wconf 89' lang='lat' dir='ltr'><em>Deus</em></span> <span class='ocrx_word' id='word_1_232' title='bbox 1111 2271 1126 2290; x_wconf 94' lang='lat'><em>‚</em></span> <span class='ocrx_word' id='word_1_233' title='bbox 1178 2247 1222 2281; x_wconf 91' lang='lat' dir='ltr'><em>ut</em></span> <span class='ocrx_word' id='word_1_234' title='bbox 1278 2232 1354 2299; x_wconf 86' lang='lat' dir='ltr'><em>sub</em></span> <span class='ocrx_word' id='word_1_235' title='bbox 1412 2233 1461 2277; x_wconf 84' lang='lat' dir='ltr'><em>Te</em></span> <span class='ocrx_word' id='word_1_236' title='bbox 1527 2221 1895 2293; x_wconf 75' lang='lat' dir='ltr'><em>consummatiffimo</em></span> <span class='ocrx_word' id='word_1_237' title='bbox 1943 2225 1989 2267; x_wconf 81' lang='lat' dir='ltr'><em>in</em></span> 
     </span>
     <span class='ocr_line' id='line_1_26' title="bbox 271 2305 1988 2387; baseline -0.007 -20"><span class='ocrx_word' id='word_1_238' title='bbox 271 2329 417 2369; x_wconf 83' lang='lat' dir='ltr'><em>virtute</em></span> <span class='ocrx_word' id='word_1_239' title='bbox 470 2322 532 2373; x_wconf 62' lang='grc' dir='ltr'><em>ὠ·</em></span> <span class='ocrx_word' id='word_1_240' title='bbox 572 2322 745 2387; x_wconf 82' lang='lat' dir='ltr'><em>scientia</em></span> <span class='ocrx_word' id='word_1_241' title='bbox 795 2325 915 2369; x_wconf 83' lang='lat' dir='ltr'><em>AN</em></span> <span class='ocrx_word' id='word_1_242' title='bbox 927 2325 1048 2366; x_wconf 78' lang='lat' dir='ltr'><em>Tls</em></span> <span class='ocrx_word' id='word_1_243' title='bbox 1057 2325 1133 2366; x_wconf 89' lang='lat' dir='ltr'><em>TI</em></span> <span class='ocrx_word' id='word_1_244' title='bbox 1147 2323 1234 2370; x_wconf 76' lang='lat' dir='ltr'><em>TE</em></span> <span class='ocrx_word' id='word_1_245' title='bbox 1279 2318 1484 2381; x_wconf 85' lang='lat' dir='ltr'><em>Juventus</em></span> <span class='ocrx_word' id='word_1_246' title='bbox 1531 2313 1666 2379; x_wconf 84' lang='lat' dir='ltr'><em>nostra</em></span> <span class='ocrx_word' id='word_1_247' title='bbox 1727 2329 1805 2358; x_wconf 84' lang='lat' dir='ltr'><em>non</em></span> <span class='ocrx_word' id='word_1_248' title='bbox 1857 2305 1988 2354; x_wconf 69' lang='lat' dir='ltr'><em>mimis</em></span> 
     </span>
    </p>
   </div>
   <div class='ocr_carea' id='block_1_5' title="bbox 270 2393 1990 2511">
    <p class='ocr_par' dir='ltr' id='par_1_7' title="bbox 268 2393 1990 2511">
     <span class='ocr_line' id='line_1_27' title="bbox 270 2393 1990 2507; baseline -0.009 -52"><span class='ocrx_word' id='word_1_249' title='bbox 270 2407 338 2473; x_wconf 66' lang='lat' dir='ltr'><em>pir¹</em></span> <span class='ocrx_word' id='word_1_250' title='bbox 356 2444 371 2464; x_wconf 92' lang='lat'><em>,</em></span> <span class='ocrx_word' id='word_1_251' title='bbox 415 2409 534 2475; x_wconf 67' lang='lat' dir='ltr'><em>quam</em></span> <span class='ocrx_word' id='word_1_252' title='bbox 582 2407 786 2474; x_wconf 85' lang='lat' dir='ltr'><em>sapienter</em></span> <span class='ocrx_word' id='word_1_253' title='bbox 831 2409 1057 2474; x_wconf 76' lang='lat' dir='ltr'><em>accrescat,</em></span> <span class='ocrx_word' id='word_1_254' title='bbox 1111 2408 1178 2457; x_wconf 49' lang='grc' dir='ltr'><em>εἰν</em></span> <span class='ocrx_word' id='word_1_255' title='bbox 1235 2408 1279 2451; x_wconf 72' lang='lat' dir='ltr'><em>in</em></span> <span class='ocrx_word' id='word_1_256' title='bbox 1323 2402 1555 2467; x_wconf 62' lang='lat' dir='ltr'><em>flectendam</em></span> <span class='ocrx_word' id='word_1_257' title='bbox 1612 2401 1771 2468; x_wconf 65' lang='lat' dir='ltr'><em>figetem</em></span> <span class='ocrx_word' id='word_1_258' title='bbox 1820 2408 1896 2441; x_wconf 85' lang='lat' dir='ltr'><em>tua</em></span> <span class='ocrx_word' id='word_1_259' title='bbox 1914 2393 1990 2507; x_wconf 53' lang='grc' dir='ltr'><em>ἐγώ</em></span> 
     </span>
     <span class='ocr_line' id='line_1_28' title="bbox 1842 2479 1990 2511; baseline -0.002 -2.742"><span class='ocrx_word' id='word_1_260' title='bbox 1842 2482 1909 2511; x_wconf 83' lang='lat' dir='ltr'><em>um</em></span> <span class='ocrx_word' id='word_1_261' title='bbox 1942 2479 1990 2509; x_wconf 81' lang='lat' dir='ltr'><em>ra</em></span> 
     </span>
    </p>
   </div>
  </div>
 </body>
</html>
