2195 2968
413 113 491 163 Tu
524 111 624 177 pius
641 107 721 164 ,δί
747 105 859 156 felix
875 136 890 162 ,
927 104 1007 170 qui
1022 119 1178 152 curam
1209 101 1336 151 ducis
1375 106 1507 155 ovilis
1523 124 1539 155 ι

482 183 587 230 Hac
615 179 783 244 duplici
807 179 854 225 in
888 177 1020 224 terris
1061 173 1330 221 conditione
1361 172 1521 242 Regis.

414 252 624 319 Invigilas
656 247 842 309 Pastor,
877 244 1032 305 Pastor
1059 241 1200 291 bonus
1232 241 1325 291 effe
1355 246 1592 309 probaris,

483 319 697 387 Invigilas
730 318 854 366 sacro
886 312 1057 368 nocte,
1091 313 1262 379 dieque
1287 316 1432 381 gregi.

415 391 492 442 Ne
517 389 712 457 praedam
745 388 897 453 capiat
913 418 927 442 ‚
964 384 1128 451 magna
1158 386 1255 450 pius
1280 383 1421 450 usque
1448 384 1632 452 repellis

485 462 525 509 A
547 474 690 527 grege
715 472 961 506 tartareum
983 455 1220 504 sedulitate
1255 455 1426 521 lupum.
1518 512 1521 516 Ι
2187 505 2195 518 A

416 530 491 580 Ne*
519 543 681 596 pereat
698 560 713 583 ,
750 544 944 576 revocas
964 560 977 581 ‚
1015 525 1222 590 quaedam
1249 524 1281 572 fi
1310 524 1488 573 forfitan
1517 539 1637 574 errat
1664 555 1680 580 ³
2186 513 2195 738 1

487 600 641 665 Atque
673 600 757 646 tuis
789 597 988 646 humeris
1018 595 1233 662 languida
1262 595 1404 644 fertur
1433 598 1550 644 ovis.

415 667 535 731 Quae
566 668 750 735 pascant
781 670 955 716 animos
989 664 1210 714 Coelestia
1243 665 1458 731 dogmata
1490 666 1663 732 praebes
1679 697 1696 720 ,

483 738 618 788 Grex
648 736 767 788 bene
800 737 860 786 fic
891 736 1016 785 sanus
1043 737 1243 784 cernitur
1268 734 1360 784 effe
1385 751 1502 784 tuus,

416 808 486 857 Ut
511 808 651 857 modo
677 808 734 858 fic
760 807 939 874 semper
968 804 1123 866 Pastor
1147 804 1286 854 bonus
1312 804 1404 854 effe
1437 807 1596 854 labora

485 878 600 927 Non
630 877 706 926 nifi
733 876 948 945 perfecto
988 878 1141 925 laurea
1167 876 1257 924 fine
1289 875 1433 924 datur.
2015 897 2017 899 ·

417 947 511 996 Fac
541 946 654 1015 ergo
685 964 733 997 ut
765 949 845 996 fias
877 949 1038 1009 majori
1067 963 1258 996 munere
1279 945 1461 1008 Pastor3
2183 844 2193 1023 l

486 1018 578 1067 Fac
602 1017 757 1078 Pastor
786 1019 942 1067 valeas
975 1020 1142 1084 jugiter
1172 1015 1264 1065 effe
1291 1015 1443 1064 bonus.

1026 1101 1285 1153 Chronicon.

421 1188 583 1232 VlVAT
611 1189 712 1230 Deo
737 1188 791 1230 IN
831 1188 1099 1230 AE-rssanUM
1134 1188 1293 1240 Josfipn
1326 1185 1662 1227 WmmonCK
1692 1185 1884 1228 musena

880 1247 971 1284 PUs
1014 1243 1405 1285 Amvssaph-msls.
1590 1262 1593 1263 ⁷

672 1303 1628 1356 EMBLEMAII.

564 1382 826 1453 Exponitur
855 1386 1022 1453 gallina
1050 1387 1196 1453 pullos
1229 1402 1516 1454 congregans
1534 1383 1611 1433 sub
1643 1385 1751 1433 alas.

757 1476 761 1480 '
840 1473 934 1506 Volui
957 1484 1144 1521 congregare
1160 1472 1248 1518 filios
1268 1468 1544 1518 quemadmodim
1557 1472 1680 1520 gallina
1699 1474 1864 1520 congregat

913 1522 1016 1568 pullos
1038 1523 1113 1566 snos
1133 1520 1197 1568 sub
1219 1523 1303 1554 alas.
1339 1521 1473 1562 snauh„
1492 1530 1563 1565 cap.
1588 1531 1646 1567 23.
1673 1521 1757 1566 verfi
1786 1525 1842 1568 36.

977 1577 1133 1614 Lemma.
1182 1579 1286 1611 Pullos
1306 1576 1420 1621 firvat
1439 1578 1566 1625 gallina
1586 1576 1648 1622 sub
1666 1580 1750 1614 alas.

478 1683 481 1686 ,
556 1636 607 1685 N
635 1638 803 1703 gallina
836 1650 1000 1703 tegens
1027 1636 1647 1702 alarumtegmine-Puffou

611 1705 828 1755 Diletstos
863 1706 997 1754 foetus
1016 1724 1116 1771 quae
1149 1704 1340 1754 studiosa
1361 1706 1509 1754 fovet.

428 1779 656 1827 Pullormn
681 1778 848 1845 gallina
884 1776 909 1841 (
941 1791 1070 1841 patet
1107 1780 1126 1837 )
1157 1770 1386 1823 fidiffima:
1424 1771 1589 1823 Custos

497 1847 667 1895 Invitat
688 1849 848 1913 pennis
868 1879 881 1902 ‚
917 1846 993 1893 sub
1028 1847 1102 1911 pia
1133 1846 1341 1894 membra
1370 1859 1524 1893 vocat.

430 1916 666 1983 Explicuit
690 1917 864 1984 plumas
883 1949 898 1972 ,
934 1918 1170 1981 nutritque
1189 1948 1204 1971 ‚
1238 1915 1464 1981 fovetque
1482 1948 1496 1970 2
1535 1916 1746 1982 tegitque
1762 1946 1779 1971 ‚

506 1987 688 2035 Gallinae
717 1987 841 2054 vigili
861 2003 955 2035 non
988 1986 1117 2035 datur
1150 1986 1239 2034 ulla
1274 1987 1419 2051 quies,

433 2056 603 2105 invitat
624 2059 796 2124 gallina
827 2073 987 2106 omnes
1020 2055 1269 2122 pleniflima
1294 2057 1410 2104 curis
1427 2087 1442 2111 ‚

506 2123 685 2174 Omnes
716 2128 879 2193 aequali
909 2142 1056 2175 mater
1079 2143 1238 2175 amore
1260 2125 1408 2174 foveS.

435 2196 549 2244 Non
581 2196 660 2243 fibi
679 2211 775 2245 met
805 2199 949 2262 parcit
978 2199 1116 2246 nutrit
1137 2197 1308 2264 gallina
1340 2194 1417 2243 sub
1457 2196 1549 2244 alas
1567 2228 1583 2251 >

506 2267 694 2332 Semper
727 2282 847 2314 amat
877 2267 1021 2331 pullos
1039 2299 1053 2322 ,
1088 2266 1386 2333 invigilatque
1412 2267 1558 2332 gregi.

437 2335 621 2384 Cristati
646 2337 819 2401 gallina
855 2351 989 2401 typus
1015 2336 1158 2385 modo
1189 2337 1365 2385 faemina
1388 2336 1492 2402 galli

505 2406 770 2454 PRAESULxs
793 2439 807 2461 ,
844 2406 1051 2472 invigilat
1081 2408 1219 2454 nutrit
1249 2407 1299 2454 &
1329 2406 1408 2454 ille
1436 2404 1581 2454 fovet.

440 2476 670 2523 Maternas
701 2474 873 2525 dileffla
901 2477 1011 2524 veni
1042 2492 1164 2524 nunc
1186 2475 1318 2523 turba
1334 2474 1421 2540 sub
1448 2476 1548 2523 alas
1563 2493 1585 2530 ;

506 2544 668 2592 Turba
697 2545 773 2595 sub
809 2544 879 2594 his
908 2544 1009 2594 tuto
1039 2559 1137 2593 tota
1167 2545 1313 2593 latere
1338 2560 1488 2610 potes,

441 2614 651 2677 Miraque
685 2631 755 2662 res
786 2632 914 2663 amor
939 2614 1004 2663 est
1036 2617 1172 2682 gratis
1196 2614 1271 2663 sua
1305 2632 1493 2663 munera
1513 2614 1658 2663 fundit

510 2681 631 2729 Cum
667 2701 812 2746 puero
845 2685 1002 2738 ludet,
1038 2701 1144 2732 cum
1175 2683 1283 2732 sene
1312 2684 1441 2732 tristis
1473 2687 1574 2730 erit.

441 2748 639 2797 Fortiter
663 2750 750 2793 urit
783 2761 948 2798 amor,
985 2747 1121 2808 patris
1153 2744 1404 2807 praecordia
1427 2745 1566 2793 laedit.

508 2814 639 2865 Unus
673 2832 799 2864 amor
829 2814 1024 2864 Domini
1041 2845 1058 2870 ‚
1092 2812 1403 2878 deliciumque
1427 2813 1505 2863 sui.

1696 2885 1897 2937 Pnaesu-
