2195 2968
468 94 572 145 Hac
590 93 740 162 praedfir
766 95 937 163 gaudet
953 125 970 150 .‚
1007 95 1283 161 captamque
1309 97 1519 150 adscribit
1540 98 1732 171 olympo
1749 116 1781 162 ,·

535 166 606 215 Sic
635 167 785 233 gregis
805 198 820 221 ‚
855 167 906 214 &
936 164 1130 221 Domini
1159 166 1607 227 consulitille-bono.

465 232 545 284 Est
560 235 653 284 Leo
682 238 994 303 magnanimus
1016 267 1030 290 ,
1065 235 1226 284 validis
1255 235 1348 285 Leo
1377 242 1545 296 viribus
1570 243 1748 302 audax,

532 306 585 353 In
615 306 811 371 praedam
830 338 844 360 ,
880 306 930 357 &
956 305 1151 353 latebras
1174 306 1288 364 iliius
1320 307 1454 365 ardor
1480 313 1592 377 tagit}
1642 343 1645 348 -

463 374 571 423 Sunt
600 378 759 423 animae
791 374 951 440 praedae
970 406 984 430 ‚
1019 375 1205 424 Divinae
1228 375 1430 441 sym-bola
1459 384 1660 439 men-&83

533 445 603 492 An
636 444 883 510 quidquam
912 443 981 492 his
1011 445 1170 510 praedis
1199 446 1330 500 ditius
1358 443 1479 503 orbis'
1505 448 1683 505 habet?

465 511 533 561 Ut
567 516 717 580 capias
743 517 938 571 animas,
973 515 1200 582 generoso
1232 518 1373 567 corde
1405 536 1489 585 per
1517 538 1658 574 omne

530 582 687 632 Curris
705 617 719 640 ,
756 602 850 650 quo
883 585 1032 632 latitas
1060 587 1250 651 plurima
1271 588 1421 653 praeda
1447 606 1620 643 nemus.

455 652 666 702 Numinis
698 654 901 719 auspiciis
933 669 1076 703 terres
1109 656 1404 712 acherontica
1423 660 1649 717 monstra,

495 726 500 731 “
530 723 714 772 Βοξὶυε
745 741 794 772 es
820 721 846 780 e*
871 725 1053 772 latebris
1086 726 1215 774 bruta
1247 725 1369 779 ciere
1401 728 1500 780 suis.

454 793 609 841 Testis
642 796 728 842 erit
757 793 1049 843 Ruremzmda
1081 794 1219 852 mihi,
1255 795 1364 854 dum
1394 796 1420 849 e*
1452 799 1653 854 faucibus
1673 803 1770 853 orci

518 861 696 929 Eripuit
730 863 926 930 praedam
952 896 966 920 a
1002 865 1295 932 praefidioq‘ue
1321 867 1416 923 filit.
1633 919 1637 921 ,

450 929 624 980 Nonne
657 934 786 989 vides
811 949 1005 1000 quantos
1039 935 1206 992 referat
1237 939 1412 992 virtutis
1444 936 1680 988 honores?

516 1001 757 1052 DocPtrinae
787 1019 977 1069 quantus
1001 1004 1146 1072 surgat
1176 1008 1232 1054 ab
1266 1024 1348 1062 ore
1381 1006 1562 1061 decor?

447 1070 526 1119 Te
554 1071 722 1137 sophiae
751 1076 894 1131 munit
928 1076 1075 1130 ratio,
1112 1077 1352 1142 prudentia
1378 1079 1485 1140 juris

513 1141 685 1208 Dirigit
700 1174 714 1197 ‚
757 1158 952 1191 exornat
976 1145 1125 1210 lingua
1143 1178 1157 1200 ‚
1177 1144 1404 1205 Camaena'
1427 1150 1548 1202 beat.

447 1207 576 1258 Dum
604 1211 800 1261 vestrum
833 1213 1034 1261 officium
1065 1231 1167 1268 cum
1201 1216 1371 1266 mundo
1399 1216 1430 1264 fi
1449 1218 1572 1282 quid
1606 1220 1833 1286 agendum

513 1279 671 1347 Exigit
691 1314 706 1335 ,
746 1282 793 1330 id
818 1283 1004 1331 modico
1034 1298 1245 1349 tempore
1278 1303 1437 1349 parcus
1465 1290 1573 1354 agit.

444 1348 530 1395 His
560 1353 731 1398 meritis
763 1353 905 1400 clarus
931 1369 1024 1399 non
1053 1369 1102 1399 es
1135 1353 1405 1409 tumefai‘sus
1437 1354 1647 1413 honore,

509 1418 658 1468 Infieit
689 1419 809 1470 haud
837 1437 988 1470 mores
1018 1422 1164 1487 gloria
1190 1440 1306 1483 vana
1338 1434 1458 1474 tuos.

442 1485 620 1553 Inclyta
652 1489 756 1537 naim
789 1493 930 1539 virtus
967 1493 1164 1539 animum
1195 1491 1454 1557 perfeE'cius.
1478 1511 1642 1555 ornat,

510 1559 644 1605 Mens
673 1558 773 1606 satis
796 1562 843 1606 in
864 1559 1057 1624 pulchro
1082 1577 1277 1625 corpore
1298 1593 1312 1616 ‚
1349 1561 1534 1626 pulchra
1558 1566 1688 1613 nitet.

443 1623 492 1673 O
524 1624 677 1675 bene!
714 1628 872 1685 felices
903 1628 1084 1686 Anvevfi
1111 1629 1312 1695 plaudite
1332 1663 1346 1687 ,
1383 1633 1516 1679 vobis

504 1695 711 1762 Propitio
735 1697 920 1762 Moysen
946 1697 1136 1749 destinat
1164 1716 1251 1755 axe
1273 1700 1422 1755 Deus.

433 1764 619 1813 Due‘fflr
641 1781 738 1814 erat
757 1800 769 1822 ‚
808 1766 1045 1833 certasq'ue
1072 1770 1166 1825 vias
1201 1769 1258 1817 ad
1288 1768 1448 1834 ‘sydera
1476 1769 1628 1823 stravit
1647 1803 1663 1827 ‚

503 1835 565 1883 Et
594 1836 671 1884 fibi
707 1835 985 1885 commiffum
1015 1840 1142 1902 pavit
1168 1855 1324 1895 amore
1344 1852 1570 1906 gregem.

438 1902 619 1953 Idcirco
652 1904 870 1971 [sacidzmz
895 1909 1060 1956 meruit
1088 1907 1264 1974 gestare
1282 1908 1472 1956 Tiaram

504 1974 659 2023 Pastor
683 2009 697 2032 ,
733 1978 782 2033 S(
814 1975 906 2025 hoc
931 1979 1070 2025 virtus
1103 1977 1237 2044 digna
1268 1979 1426 2027 favore
1450 1979 1544 2027 fuit.

436 2042 512 2092 Ne
541 2044 690 2094 Cives'
722 2046 919 2112 Anversa
947 2049 1011 2095 tui
1044 2064 1128 2113 per
1151 2047 1287 2097 devia
1319 2064 1526 2104 currant,

498 2114 749 2179 JOSEPHUS
777 2118 1127 2173 WERBRoucK
1157 2117 1374 2166 PRAEsUL
1409 2117 1486 2174 hie
1515 2133 1644 2185 aptus
1673 2122 1773 2169 erit.

434 2182 542 2246 Ejus
580 2186 793 2232 virtutum
824 2184 942 2234 bene
969 2186 1000 2234 fi
1022 2187 1210 2254 vestigia
1236 2203 1391 2254 carpat
1410 2221 1423 2243 ,

506 2252 619 2300 Non
648 2256 817 2320 poterit
851 2257 1042 2321 populus
1079 2257 1238 2305 devius
1268 2260 1334 2306 ire
1369 2259 1456 2307 vizi.

433 2319 511 2370 Sic
538 2324 621 2371 tibi
647 2323 925 2372 commissam
948 2326 1168 2389 JosEPHE
1195 2328 1395 2382 tueberis
1430 2328 1611 2384 urbem,

503 2393 602 2440 Aris
621 2426 634 2448 ,
670 2411 848 2459 proque
879 2394 992 2442 focis
1018 2395 1172 2443 Pastor
1209 2414 1365 2444 amore
1399 2398 1521 2453 facis,

434 2458 653 2528 Undique
683 2481 803 2512 nunc
841 2465 1030 2530 populus
1064 2480 1193 2512 tanto
1228 2465 1305 2513 sub
1339 2466 1584 2516 PRAESULE
1614 2467 1782 2533 gaudet
1797 2485 1828 2523 ς-

498 2532 668 2581 Talem
687 2566 699 2587 ‚
737 2552 852 2600 grex
884 2549 1004 2582 totus
1036 2534 1206 2602 gaudet
1230 2534 1407 2594 habere
1441 2536 1641 2584 Patrem.

432 2600 472 2648 A
494 2601 716 2651 D0M1No
745 2604 790 2651 id
810 2602 980 2652 faiium
999 2638 1014 2659 ,
1050 2619 1196 2653 tantas
1222 2622 1305 2671 pro
1339 2616 1529 2654 munere
1561 2616 1712 2672 grates

499 2671 685 2720 Solvere
711 2676 809 2738 quis
841 2677 1038 2738 poterit,
1075 2674 1147 2722 dic
1171 2691 1280 2727 mea?
1304 2675 1424 2722 musa
1451 2674 1574 2728 mihi.

431 2737 573 2797 Quod
605 2743 687 2785 tibi
713 2741 949 2803 multiplici
981 2739 1144 2786 reddet
1175 2739 1258 2803 pro
1291 2757 1479 2788 munere
1508 2757 1699 2796 munuS‚

499 2806 578 2854 Nil
604 2822 704 2856 tuus
735 2805 811 2855 hic
843 2822 972 2856 vates
992 2839 1006 2863 ‚
1048 2808 1173 2873 quod
1204 2808 1311 2857 dare
1350 2808 1481 2874 poffit
1498 2841 1514 2865 ,
1551 2808 1741 2927 habens-
1834 2882 1848 2929 l

1729 2897 1832 2947 mgu
1850 2899 1875 2929 a
