2180 2703
854 123 1021 186 (33)

213 238 318 289 Hoc
355 234 424 280 Ille
459 229 705 281 monstrum
752 229 909 281 fortior
949 231 1118 278 Hercule
1139 265 1156 286 ,

217 307 312 374 Qui
347 307 454 351 vicit
490 301 600 354 olim
643 300 871 364 lermferam
911 297 1006 347 face

279 372 472 434 Hydram
490 406 506 427 ,
542 378 587 419 δε
621 371 829 417 Cleoneum
857 371 1000 416 leonem
1015 377 1033 425 ,'

349 441 519 492 Sternet
554 438 678 488 humi
712 438 958 488 manifestus
999 437 1125 490 ultor.

211 509 409 576 Anversa
440 508 574 577 persta
611 507 733 557 firma
767 507 963 555 Leonibus
984 541 998 562 ,

213 580 343 631 Nihil
379 577 625 626 timendum
659 578 746 633 est,
782 582 909 627 irruat
943 579 1092 643 igneos

281 648 531 716 Complexa
577 648 797 714 Serpentes
838 651 1061 712 Megaera,

354 721 412 768 Et
440 722 577 782 piceas
615 715 758 765 vibret
792 733 879 764 atra
905 713 1051 765 taedas,

214 789 290 840 Ut
323 804 480 854 magna
514 785 593 834 fint
623 784 746 841 haec,
782 790 959 853 augurio
995 800 1143 832 tamen

215 860 392 919 Nlajora
442 856 594 904 restant
616 892 632 911 ,
667 858 761 923 quae
799 856 946 904 Patriae
973 850 1093 900 bona

281 928 355 977 PR
368 924 556 976 AESUL
593 924 785 973 daturus:
825 921 916 971 haec
953 920 1119 969 colores

350 997 408 1045 Et
443 998 593 1042 niveus
636 990 867 1056 rubensque
902 989 1111 1057 pandunt.

213 1063 360 1115 Proh!
398 1080 556 1132 quanta
587 1060 692 1109 labis
721 1059 861 1109 nescia
889 1058 1075 1109 Castitas

212 1135 478 1182 intaminatis
507 1128 731 1199 splendida
767 1127 1010 1179 honoribus

279 1202 360 1250 Par
394 1219 503 1270 pene
538 1199 670 1255 divis,
713 1206 758 1248 δε
792 1196 862 1247 vel
897 1197 972 1264 ipsi

345 1270 565 1319 Invidiam
607 1273 790 1336 paritura
831 1267 1039 1334 Olympo

207 1341 277 1390 Ex
309 1358 382 1389 ore
417 1339 557 1387 lucet!
595 1341 768 1405 peetora
802 1336 1016 1385 Numinis

209 1410 383 1480 Spirant
410 1406 625 1456 honorem
648 1434 659 1468 ·‚
696 1403 810 1454 zelus
845 1413 889 1454 &
917 1409 1085 1453 intimas

280 1480 387 1528 Urit
422 1475 664 1530 medullas,
699 1493 789 1542 quo
824 1473 999 1522 suorum

345 1546 565 1596 Sollicitus
601 1542 867 1610 vigilansque
899 1544 1046 1593 Pastor

206 1617 343 1668 Ardet
383 1613 589 1664 salutem:
620 1612 743 1661 rebus
778 1617 823 1659 in
855 1612 1064 1666 ,omnibus

205 1689 371 1742 Privata
404 1688 564 1752 quaevis
596 1681 834 1731 commoda
879 1680 1094 1750 negligit,

270 1753 500 1820 Durosque
530 1755 694 1820 semper
727 1768 872 1800 mente
908 1751 1111 1803 FORTI

338 1824 529 1891 Impiger
563 1821 806 1889 aggreditur
835 1819 1017 1871 labores.

201 1896 315 1947 Non
345 1896 583 1952 Capricorni
613 1891 775 1959 frigora
810 1890 970 1940 Sideris
993 1925 1006 1946 ,

202 1966 317 2016 Non
357 1962 470 2014 Solis
506 1960 662 2016 ardor,
698 1979 791 2007 non
823 1964 902 2008 iter
944 1964 1149 2018 invium,

271 2034 385 2085 Non
420 2030 606 2085 umbra,
638 2029 955 2096 noCturnusque
983 2047 1147 2088 terror,

337 2102 452 2151 Non
487 2097 634 2149 sterilis
669 2098 891 2165 fitienlque
926 2097 1041 2165 sylva

199 2171 396 2223 Tardant
422 2186 595 2219 euntem
614 2206 629 2226 ,
662 2169 746 2235 quai
781 2167 903 2217 Sacer
939 2175 1143 2237 impetuso

202 2244 352 2308 Urget
377 2257 570 2302 tenacem
607 2237 812 2307 propositi
857 2242 1023 2301 virum5

264 2310 379 2362 Non
416 2307 505 2376 ipsa
547 2306 782 2376 percellunt
806 2304 939 2356 feroci

343 2379 481 2428 Antra
511 2377 621 2428 sono
641 2414 656 2436 ,
693 2384 739 2427 &
774 2376 887 2432 rabie
922 2375 1109 2432 ferarum

1023 2488 1062 2537 E

1662 1730 1780 1772 Allufio
1790 1729 1834 1765 ad
1845 1734 1906 1778 epf-

1653 1780 1792 1825 graphen
1819 1781 1904 1824 Iltuss

1658 1829 1789 1873 trtffimi,
1796 1829 1906 1865 ΕΘΚ,

1657 1876 1808 1914 TlTER
1862 1882 1900 1914 (ξ’

1657 1926 1903 1965 ΞΠΑΨΞΤΕΚ

1565 2478 1645 2528 Ti-
